<record><leader>00000cas a2200000 a 4500</leader><controlfield tag="001">9329825</controlfield><controlfield tag="008">830321d18491854mauwr ne      0    0eng c</controlfield><datafield ind1=" " ind2=" " tag="010"><subfield code="a">sn 83020346 </subfield></datafield><datafield ind1=" " ind2=" " tag="040"><subfield code="a">NPX</subfield><subfield code="b">eng</subfield><subfield code="c">NPX</subfield><subfield code="d">DLC</subfield><subfield code="d">NPA</subfield><subfield code="d">MGN</subfield><subfield code="d">NVF</subfield><subfield code="d">OCL</subfield><subfield code="d">OCLCQ</subfield><subfield code="d">OCLCF</subfield><subfield code="d">OCLCO</subfield><subfield code="d">IUL</subfield><subfield code="d">OCL</subfield></datafield><datafield ind1=" " ind2=" " tag="042"><subfield code="a">pcc</subfield></datafield><datafield ind1=" " ind2=" " tag="043"><subfield code="a">n-us-ma</subfield></datafield><datafield ind1="0" ind2="4" tag="245"><subfield code="a">The Essex County Mercury and Danvers courier.</subfield></datafield><datafield ind1="1" ind2="3" tag="246"><subfield code="a">Mercury and Salem weekly gazette</subfield><subfield code="f">1849-1853</subfield></datafield><datafield ind1="1" ind2="3" tag="246"><subfield code="a">Tri-weekly Salem gazette</subfield><subfield code="f">1850-1853</subfield></datafield><datafield ind1="3" ind2=" " tag="246"><subfield code="a">Triweekly Salem gazette</subfield></datafield><datafield ind1=" " ind2=" " tag="260"><subfield code="a">Salem, Mass. :</subfield><subfield code="b">C. Foote</subfield></datafield><datafield ind1=" " ind2=" " tag="300"><subfield code="a">v.</subfield></datafield><datafield ind1=" " ind2=" " tag="310"><subfield code="a">Weekly</subfield></datafield><datafield ind1="0" ind2=" " tag="362"><subfield code="a">New ser., v. 10, no. 39 (Sept. 26, 1849)-new ser., v. 15, no. 1 (Jan. 4, 1854).</subfield></datafield><datafield ind1=" " ind2="0" tag="651"><subfield code="a">Salem (Mass.)</subfield><subfield code="v">Newspapers.</subfield></datafield><datafield ind1=" " ind2="0" tag="651"><subfield code="a">Essex County (Mass.)</subfield><subfield code="v">Newspapers.</subfield></datafield><datafield ind1=" " ind2="7" tag="651"><subfield code="a">Massachusetts</subfield><subfield code="z">Salem.</subfield><subfield code="2">fast</subfield><subfield code="0">(OCoLC)fst01205839</subfield></datafield><datafield ind1=" " ind2="7" tag="651"><subfield code="a">Massachusetts</subfield><subfield code="z">Essex County.</subfield><subfield code="2">fast</subfield><subfield code="0">(OCoLC)fst01205527</subfield></datafield><datafield ind1=" " ind2="7" tag="655"><subfield code="a">Newspapers.</subfield><subfield code="2">fast</subfield><subfield code="0">(OCoLC)fst01423814</subfield></datafield><datafield ind1=" " ind2=" " tag="752"><subfield code="a">United States</subfield><subfield code="b">Massachusetts</subfield><subfield code="c">Essex</subfield><subfield code="d">Salem.</subfield></datafield><datafield ind1="0" ind2="4" tag="780"><subfield code="t">Danvers courier</subfield><subfield code="w">(DLC)sn 83020179</subfield><subfield code="w">(OCoLC)9285789</subfield></datafield><datafield ind1="0" ind2="4" tag="780"><subfield code="t">Essex County Mercury (Salem, Mass. : 1844)</subfield><subfield code="w">(DLC)sn 83020345</subfield><subfield code="w">(OCoLC)9329704</subfield></datafield><datafield ind1="0" ind2="0" tag="785"><subfield code="t">Essex County Mercury, Danvers and Marblehead courier</subfield><subfield code="w">(DLC)sn 83020347</subfield><subfield code="w">(OCoLC)9329885</subfield></datafield><datafield ind1="1" ind2=" " tag="029"><subfield code="a">AU@</subfield><subfield code="b">000002658149</subfield></datafield></record>